@article{xu2020tree,
  author = {Xu, Z. and Shen, X. and Cao, L. and Coops, N. C. and Goodbody, T. R. and Tai, Z. and Zhao, W. and Sun, Q. and Ba, S. and Zhang, Z. and Wu, X.},
  title = {Tree species classification using UAS-based digital aerial photogrammetry point clouds and multispectral imageries in subtropical natural forests},
  journal = {International Journal of Applied Earth Observation and Geoinformation},
  volume = {92},
  year = {2020},
  pages = {102173},
  doi = {10.1016/j.jag.2020.102173}
}

@article{chen2017multispectral,
  author = {Chen, B. and Shi, S. and Gong, W. and Zhang, Q. and Yang, J. and Du, L. and Sun, J. and Zhang, Z. and Song, S.},
  title = {Multispectral LiDAR Point Cloud Classification: A Two-Step Approach},
  journal = {Remote Sensing},
  volume = {9},
  number = {4},
  year = {2017},
  pages = {373},
  doi = {10.3390/rs9040373}
}

@article{ferrara2018automated,
  author = {Ferrara, R. and Virdis, S. and Ventura, A. and Ghisu, T. and Duce, P. and Pellizzaro, G.},
  title = {An automated approach for wood-leaf separation from terrestrial LIDAR point clouds using the density based clustering algorithm DBSCAN},
  journal = {Agricultural and Forest Meteorology},
  volume = {262},
  year = {2018},
  pages = {434--444},
  doi = {10.1016/j.agrformet.2018.04.008}
}

@article{carbonell-rivera2024class3dp,
  author = {Carbonell-Rivera, J. P. and Estornell, J. and Ruiz, L. Á. and Crespo-Peremarch, P. and Almonacid-Caballer, J. and Torralba, J.},
  title = {Class3Dp: A supervised classifier of vegetation species from point clouds},
  journal = {Environmental Modelling and Software},
  volume = {171},
  year = {2024},
  pages = {105859},
  doi = {10.1016/j.envsoft.2023.105859}
}

@article{ozdemir2019aerial,
  author = {Özdemir, E. and Remondino, F. and Golkar, A.},
  title = {AERIAL POINT CLOUD CLASSIFICATION WITH DEEP LEARNING AND MACHINE LEARNING ALGORITHMS},
  journal = {The International Archives of the Photogrammetry, Remote Sensing and Spatial Information Sciences},
  pages = {843-849},
  doi = {10.5194/isprs-archives-xlii-4-w18-843-2019}
}

@misc{3dbagwebsite,
  author = {{3D Geoinformation Research Group}},
  title = {Data Sources - 3DBAG},
  howpublished = {\url{https://docs.3dbag.nl/en/overview/sources/}},
  note = {Accessed: January 15, 2024},
}

@article{lackova2023unlocking,
  title={Unlocking the Potential of Remote Sensing in Wind Erosion Studies: A Review and Outlook for Future Directions},
  author={Lackóová, Lucia and Lieskovský, Juraj and Nikseresht, Fatemeh and Halabuk, Andrej and Hilbert, Hella and Halászová, Katarína and Bahreini, Fatemeh},
  journal={Remote Sensing},
  volume={15},
  number={13},
  pages={3316},
  year={2023},
  doi={10.3390/rs15133316},
}

@online{cityjson2023,
  title = {CityJSON Specifications 2.0.0},
  year = {2023},
  month = {September 27},
  url = {https://www.cityjson.org/specs/2.0.0/}
}

@online{citygml2023,
  title = {CityGML},
  organization = {Open Geospatial Consortium},
  year = {2023},
  month = {June 29},
  url = {https://www.ogc.org/standard/CityGML/}
}
@online{geoforum2023,
  title = {AHN4 classifications same as AHN3?},
  year = {2023},
  month = {April 3},
  journal = {Geoforum},
  url = {https://geoforum.nl/t/ahn4-classifications-same-as-ahn3/8170/2}
}
@unpublished{leusink2019,
  author = {Leusink, J.},
  title = {AHN4 in drie jaar! . . .en daarna?},
  note = {[Slide show]},
  year = {2019},
  month = {April 16},
  howpublished = {AHN congres 2019, Utrecht, Netherlands}
}
